Plačiau apie šaltinių tipus ir jų atributus:
http://mirror.datacenter.by/pub/mirrors/CTAN/macros/latex/contrib/biblatex/doc/biblatex.pdf#subsection.2.1

@article{PvzStraipsnLt,
    author={A. Pavardenis and B. Pavardonis and C. Pavardauskas},
    title={Straipsnio pavadinimas},
    journal={Žurnalo pavadinimas},
    year={2001},
    volume={IV},
    pages={8-17},
} 

@article{PvzStraipsnEn,
    author={A. Surname and B. Tsurname and C. Usurname},
    title={Article Title},
    journal={Journal Title},
    year={2001},
    volume={IV},
    pages={3-15},
    langid={english},
} 

@inproceedings{PvzKonfLt,
    author={A. Pavardenis and B. Pavardonis and C. Pavardauskas and D. Pavardinskas},
    title={Straipsnio pavadinimas},
    booktitle={Rinkinio pavadinimas},
    year={2002},
    publisher={Leidykla},
    address={Miestas, šalis},
    pages={3-15},
}

@inproceedings{PvzKonfEn,
    author={A. Surname and B. Tsurname and C. Usurname and D. Vsurname},
    title={Article title},
    booktitle={Conference book title},
    year={2002},
    publisher={Publisher},
    address={City, country},
    pages={3-15},
    langid={english},
}

@book{PvzKnygLt,  
    author={A. Pavardenis and B. Pavardonis and C. Pavardauskas},
    title={Knygos pavadinimas},
    publisher={Leidykla},
    year={2003},
    address={Miestas, šalis},
    note={172 psl.},
}

@book{PvzKnygEn,  
    author={A. Surname and B. Tsurname and C. Usurname},
    title={Book title},
    publisher={Publisher},
    year={2003},
    address={City, country},
    note={172 p.},
    langid={english},
}

@misc{PvzElPubLt,
    author={A. Pavardenis and B. Pavardonis and C. Šavardauskas},
    title={Elektroninės publikacijos pavadinimas},
    howpublished={\url{http://example.com/kelias/iki/straipsnio.pdf}},
    year={2004},
    note={45 KB, tikrinta 2015-02-01},
}

@misc{PvzElPubEn,
    author={A. Surname and B. Tsurname and C. Usurname},
    title={Online Source Title},
    howpublished={\url{http://example.com/path/to/the/article.pdf}},
    year={2004},
    note={45 KB, accessed 2015-02-01.},
    langid={english},
}

@mastersthesis{PvzMagistrLt,
    author={A. Pavardonis},
    title={Magistrinio darbo pavadinimas},
    school={Universiteto pavadinimas},
    year={2005},
}

@phdthesis{PvzPhdEn,
    author={A. Surname},
    title={Title of PhD thesis},
    school={Title of university},
    year={2005},
    langid={english},
}

@article{ refId0,
	author = {{Sausse, Christophe} and {L\'evy, Myriam}},
	title = {Bird damage to sunflower: international situation and prospects},
	DOI= "10.1051/ocl/2021020",
	url= "https://doi.org/10.1051/ocl/2021020",
	journal = {OCL},
	year = 2021,
	volume = 28,
	pages = "34",
}

@article{article,
author = {Pimentel, David and Lach, Lori and Zuniga, Rodolfo and Morrison, Doug},
year = {2000},
month = {01},
pages = {53-65},
title = {Environmental and Economic Costs of Nonindigenous Species in the United States},
volume = {50},
journal = {Bioscience},
doi = {10.1641/0006-3568(2000)050[0053:EAECON]2.3.CO;2}
}

@article{ahmed2021effect,
  title={The effect of wild pigeon excreta on the wall painting of Ramses II Temple at Aedinet Habu, Luxor},
  author={Ahmed, Mahgoub A and Ali, Mona F and Bader, Nabil A and Khalaphallah, Rafat},
  journal={Sci. Cult},
  volume={7},
  pages={53--63},
  year={2021}
}

@article{shrestha2022conservation,
  title={Conservation of Heritage Sites in Kathmandu, Nepal: Assessing the Corrosion Threat from Pigeon Excreta on Metal Monuments},
  author={Shrestha, Saroj and Khanal, Laxman and Pandey, Naresh and Kyes, Randall C},
  journal={Conservation},
  volume={2},
  number={2},
  pages={233--243},
  year={2022},
  publisher={MDPI}
}

@inproceedings{allan2000costs,
  title={The costs of bird strikes and bird strike prevention, Human Conflicts with Wildlife: Economic Considerations},
  author={Allan, John R},
  booktitle={Proceedings of the Third National Wildlife Research Center Special Symposium},
  year={2000}
}

@ARTICLE{robird,  author={Folkertsma, Gerrit Adriaan and Straatman, Wessel and Nijenhuis, Nico and Venner, Cornelis Henricus and Stramigioli, Stefano},  journal={IEEE Robotics & Automation Magazine},   title={Robird: A Robotic Bird of Prey},   year={2017},  volume={24},  number={3},  pages={22-29},  doi={10.1109/MRA.2016.2636368}}

@article{bird_spike,
author = {Wang, Zihao and Fahey, Darren and Lucas, Andrew and Griffin, Andrea and Chamitoff, Gregory and Wong, K.C.},
year = {2020},
month = {06},
pages = {105260},
title = {Bird damage management in vineyards: Comparing efficacy of a bird psychology-incorporated unmanned aerial vehicle system with netting and visual scaring},
volume = {137},
journal = {Crop Protection},
doi = {10.1016/j.cropro.2020.105260}
}

@article{brown2017laser,
  title={Laser Scarecrows: Gimmick or Solution?},
  author={Brown, Rebecca},
  year={2017},
  journal = {University of Rhode Island Vegetable Production Research Reports}
}